@article{Iong2020,
archivePrefix = {arXiv},
arxivId = {2007.06476},
author = {Iong, Daniel and Zhao, Qingyuan and Chen, Yang},
eprint = {2007.06476},
file = {:Users/daniong/Library/Application Support/Mendeley Desktop/Downloaded/Iong, Zhao, Chen - 2020 - A Latent Mixture Model for Heterogeneous Causal Mechanisms in Mendelian Randomization.pdf:pdf},
month = {jul},
title = {{A Latent Mixture Model for Heterogeneous Causal Mechanisms in Mendelian Randomization}},
url = {https://arxiv.org/abs/2007.06476},
year = {2020}
}
